@misc{Ontario,
author = {Ontario},
title = {Fiche technique n° 4-04 : L'ammoniac anhydre},
year = {2014},
url = {http://www.labour.gov.on.ca/french/hs/pubs/eds4-04_ammonia.php},
type = {Site web}
}
@misc{Ontario,
author = {CSST},
title = Répertoire toxicologique. Azote, dioxyde d'},
year = {2014},
url = {http://www.csst.qc.ca/prevention/reptox/Pages/fiche-complete.aspx?no_produit=12328},
type = {Site web}
}
@misc{icamp,
author = {iCampus},
title = {Formation_Hazop},
year = {2014},
url = {http://icampus.uclouvain.be/claroline/backends/download.php?url=L1RhY2hlXzRfSEFaT1AvRm9ybWF0aW9uX0hhem9wLnBkZg%3D%3D&cidReset=true&cidReq=LFSAB1503},
type = {Site web}
}
