@Article{NIST,
title = {National Institute of Standards and Technology},
author = {http://webbook.nist.gov/chemistry/},
journal = {Site internet},
year = {consult√© le 10/10/14},
}



